<record><leader>00000cas a22000007a 4500</leader><controlfield tag="001">15003926</controlfield><controlfield tag="008">861223c18919999msuwr ne      0    0eng d</controlfield><datafield ind1=" " ind2=" " tag="010"><subfield code="a">sn 87065019 </subfield></datafield><datafield ind1=" " ind2=" " tag="040"><subfield code="a">MJA</subfield><subfield code="b">eng</subfield><subfield code="c">MJA</subfield><subfield code="d">MSJ</subfield><subfield code="d">OCLCG</subfield><subfield code="d">OCLCQ</subfield></datafield><datafield ind1=" " ind2=" " tag="042"><subfield code="a">msc</subfield></datafield><datafield ind1="0" ind2="4" tag="245"><subfield code="a">The Coffeeville courier.</subfield></datafield><datafield ind1=" " ind2=" " tag="260"><subfield code="a">Coffeeville, Miss. :</subfield><subfield code="b">T.H. Brewer</subfield></datafield><datafield ind1=" " ind2=" " tag="310"><subfield code="a">Weekly</subfield></datafield><datafield ind1="1" ind2=" " tag="362"><subfield code="a">Began in 1891.</subfield></datafield><datafield ind1=" " ind2=" " tag="500"><subfield code="a">Editor: Dunbar Rowland.</subfield></datafield><datafield ind1=" " ind2=" " tag="588"><subfield code="a">Description based on: Vol. 10, no. 47 (May 24, 1902).</subfield></datafield><datafield ind1="1" ind2=" " tag="700"><subfield code="a">Rowland, Dunbar,</subfield><subfield code="d">1864-1937.</subfield></datafield><datafield ind1=" " ind2=" " tag="752"><subfield code="a">United States</subfield><subfield code="b">Mississippi</subfield><subfield code="c">Yalobusha</subfield><subfield code="d">Coffeeville.</subfield></datafield><datafield ind1="0" ind2="0" tag="780"><subfield code="t">Coffeeville times</subfield></datafield><datafield ind1="1" ind2=" " tag="029"><subfield code="a">AU@</subfield><subfield code="b">000025786981</subfield></datafield></record>